@misc{UnityDocs,
    title="Unity Documentation",
    author="Unity",
    note="\url{https://docs.unity3d.com/Manual/index.html}"
}
@misc{RigidBody,
    title="RigidBody",
    author="Unity",
    note="\url{https://docs.unity3d.com/ScriptReference/Rigidbody2D.html}"
}
@misc{Platformer,
    title="Platform",
    author="Wikipedia",
    note="\url{https://en.wikipedia.org/wiki/Platform_game}"
}
@misc{Agile,
    title="Agile software development",
    author="Wikipedia",
    note="\url{https://en.wikipedia.org/wiki/Agile_software_development}"
}
@misc{Sprint,
title="What is a Sprint",
author="Yodiz",
note="\url{https://yodiz.com/help/what-is-sprint/}"
}
@misc{Beethoven,
title="Ode to Joy 8 bit",
author="Ava Lachniet",
note="\url{https://youtu.be/H9vH85T2dQk}"
}
@misc{Wagner,
title="Ride of The Valkyries 8 bit",
author="Classical 8 Bit",
note="\url{https://youtu.be/bbTN8dqs54g}"
}
@misc{Bach,
title="Tocatta \& Fugue in D",
author="DHYC",
note="\url{https://www.youtube.com/watch?v=pv_XmCC6psU}"
}
@misc{Vivaldi,
title="Storm 8 Bit",
author="Classical 8 Bit",
note="\url{https://youtu.be/bbTN8dqs54g}"
}
@misc{Korsokov,
title="Flight of Bumblebee 8 bit",
author="777MCore",
note="\url{https://www.youtube.com/watch?v=WYQWUY0zMSs}"
}
@misc{Vivaldi2,
title="Spring 8 bit",
author="TonyDaveYayo",
note="\url{https://www.youtube.com/watch?v=Nvg-07RlpYg}"
}
@misc{Chopin,
title="Funeral Marche 8 bit",
author="TonyDaveYayo",
note="\url{https://www.youtube.com/watch?v=CODmvzK25dI}"
}